@article{1,
  author    = {Khorram, F and Mottu, J and Sunyé. G},
  title     = {Challenges & Opportunities in Low-Code Testing},
  year      = {2020},
  url       = {https://dl.acm.org/doi/pdf/10.1145/3417990.3420204}
}

@article{2,
  author    = {Di Ruscio, D and Kolovos, D and Lara, Juan and Pierantonio. A, Tisi. M, Wimmer. M},
  title     = {Low-code development and model-driven engineering: Two sides of
the same coin?},
  year      = {2022},
  url       = {https://link.springer.com/article/10.1007/s10270-021-00970-2}
}

@article{3,
  author    = {Pinho, D and Aguiar, A and Amaral, V},
  title     = {What about the usability in low-code platforms? A systematic literature review},
  year      = {2023},
  url       ={https://www.sciencedirect.com/science/article/pii/S259011842200082X#d1e142}
}

@article{4,
  author    = {OutSystems},
  title     = {Low-code basics: The future of app development},
  year      = {2020},
  url       = {https://www.outsystems.com/tech-hub/low-code/}
}


@article{5,
  author    = {Sanchis, R and garcía-Perales, Ó and Fraile, F and Poler, R},
  title     = {Low-Code as Enabler of Digital Transformation in Manufacturing Industry},
  year      = {2020},
  url       = {https://www.mdpi.com/2076-3417/10/1/12}
}

@article{6,
  author    = {Bock, A and Frank, U},
  title     = {Low-Code Platform},
  year      = {2021},
  url       = {https://link.springer.com/article/10.1007/s12599-021-00726-8}
}


@article{7,
  author    = {Martins, J and Branco, F and Mamede. H},
  title     = {Combining low-code development with ChatGPT to novel no-code approaches: A focus-group study},
  year      = {2023},
  url       = {https://www.sciencedirect.com/science/article/pii/S266730532300114X}
}



@article{8,
  author    = {Daniel, Gwendal and Cabot, Jordi and Deruelle, Laurent and Derras, Mustapha},
  title     = {Xatkit: A Multimodal Low-Code Chatbot Development Framework}, 
  year      = {2020},
  url       = {https://ieeexplore.ieee.org/abstract/document/8960373}
}

