@article{bib2,
  author    = {Di Ruscio, D and Kolovos, D and Lara, Juan and Pierantonio. A, Tisi. M, Wimmer. M},
  title     = {Low-code development and model-driven engineering: Two sides of
the same coin?},
  year      = {2022},
  url       = {https://link.springer.com/article/10.1007/s10270-021-00970-2}
}


@article{bib4,
  author    = {OutSystems},
  title     = {Low-code basics: The future of app development},
  year      = {2020},
  url       = {https://www.outsystems.com/tech-hub/low-code/}
}



@article{bib6,
  author    = {Bock, A and Frank, U},
  title     = {Low-Code Platform},
  year      = {2021},
  url       = {https://link.springer.com/article/10.1007/s12599-021-00726-8}
}



@article{bib8,
  author    = {Daniel, Gwendal and Cabot, Jordi and Deruelle, Laurent and Derras, Mustapha},
  title     = {Xatkit: A Multimodal Low-Code Chatbot Development Framework}, 
  year      = {2020},
  url       = {https://ieeexplore.ieee.org/abstract/document/8960373}
}

@article{bib9,
    author = {OutSystems},
    title = {It began with a vision},
    url = {https://www.outsystems.com/evaluation-guide/it-began-with-a-vision/}
}

@article{bib10,
    author = {OutSystems},
    title = {What is NOT a good project for OutSystems?},
    url={https://www.outsystems.com/evaluation-guide/what-is-not-a-good-project-for-outsystems/}
}

@article{bib11,
    author = {OutSystems},
    title = {Developing with OutSystems},
    url={https://www.outsystems.com/evaluation-guide/developing-with-outsystems/}
}

@article{bib12,
    author = {Lutkevich, B},
    title = {What is the waterfall model?},
    url = {https://www.techtarget.com/searchsoftwarequality/definition/waterfall-model},
    year = {2022}
}

@article{bib13,
    author = {Oracle},
    title = {What is CRM? The complete CRM guide.},
    url={https://www.oracle.com/pt/cx/what-is-crm/}
}

@article{bib14,
  author    = {Team Kissflow},
  title     = {Difference Between Low-Code and No-Code Platform}, 
  year      = {2024},
  url       = {https://kissflow.com/low-code/low-code-vs-no-code/}
}

@article{bib15,
    author = {Oracle},
    title = {What Is AI? Learn About Artificial Intelligence},
    url= {https://www.oracle.com/artificial-intelligence/what-is-ai/}
}

@article{bib16,
    author = {Zoho},
    title = {Zoho Blog},
    url= {https://www.zoho.com/blog/}
}